@inproceedings{DBLP:conf/csfw/AlvimCMMPS16,
  author    = {M{\'{a}}rio S. Alvim andg
               Konstantinos Chatzikokolakis and
               Annabelle McIver and
               Carroll Morgan and
               Catuscia Palamidessi and
               Geoffrey Smith},
  title     = {Axioms for Information Leakage},
  booktitle = {{IEEE} 29th Computer Security Foundations Symposium, {CSF} 2016, Lisbon,
               Portugal, June 27 - July 1, 2016},
  pages     = {77--92},
  year      = {2016},
  crossref  = {DBLP:conf/csfw/2016},
  url       = {https://doi.org/10.1109/CSF.2016.13},
  doi       = {10.1109/CSF.2016.13},
  timestamp = {Sat, 16 Sep 2017 12:08:25 +0200},
  biburl    = {http://dblp.org/rec/bib/conf/csfw/AlvimCMMPS16},
  bibsource = {dblp computer science bibliography, http://dblp.org}
}
@proceedings{DBLP:conf/csfw/2016,
  title     = {{IEEE} 29th Computer Security Foundations Symposium, {CSF} 2016, Lisbon,
               Portugal, June 27 - July 1, 2016},
  publisher = {{IEEE} Computer Society},
  year      = {2016},
  url       = {http://ieeexplore.ieee.org/xpl/mostRecentIssue.jsp?punumber=7518122},
  isbn      = {978-1-5090-2607-4},
  timestamp = {Mon, 19 Sep 2016 15:37:09 +0200},
  biburl    = {http://dblp.org/rec/bib/conf/csfw/2016},
  bibsource = {dblp computer science bibliography, http://dblp.org}
}
maintained by Schloss Dagstuhl LZI at University of Trier	homebrowsesearchabout


@inproceedings{DBLP:conf/csfw/AlvimCMMPS14,
  author    = {M{\'{a}}rio S. Alvim and
               Konstantinos Chatzikokolakis and
               Annabelle McIver and
               Carroll Morgan and
               Catuscia Palamidessi and
               Geoffrey Smith},
  title     = {Additive and Multiplicative Notions of Leakage, and Their Capacities},
  booktitle = {{IEEE} 27th Computer Security Foundations Symposium, {CSF} 2014, Vienna,
               Austria, 19-22 July, 2014},
  pages     = {308--322},
  year      = {2014},
  crossref  = {DBLP:conf/csfw/2014},
  url       = {https://doi.org/10.1109/CSF.2014.29},
  doi       = {10.1109/CSF.2014.29},
  timestamp = {Sat, 16 Sep 2017 12:08:25 +0200},
  biburl    = {http://dblp.org/rec/bib/conf/csfw/AlvimCMMPS14},
  bibsource = {dblp computer science bibliography, http://dblp.org}
}
@proceedings{DBLP:conf/csfw/2014,
  title     = {{IEEE} 27th Computer Security Foundations Symposium, {CSF} 2014, Vienna,
               Austria, 19-22 July, 2014},
  publisher = {{IEEE} Computer Society},
  year      = {2014},
  url       = {http://ieeexplore.ieee.org/xpl/mostRecentIssue.jsp?punumber=6954678},
  isbn      = {978-1-4799-4290-9},
  timestamp = {Fri, 13 May 2016 11:46:05 +0200},
  biburl    = {http://dblp.org/rec/bib/conf/csfw/2014},
  bibsource = {dblp computer science bibliography, http://dblp.org}
}
maintained by Schloss Dagstuhl LZI at University of Trier	homebrowsesearchabout


@inproceedings{DBLP:conf/csfw/AlvimCPS12,
  author    = {M{\'{a}}rio S. Alvim and
               Konstantinos Chatzikokolakis and
               Catuscia Palamidessi and
               Geoffrey Smith},
  title     = {Measuring Information Leakage Using Generalized Gain Functions},
  booktitle = {25th {IEEE} Computer Security Foundations Symposium, {CSF} 2012, Cambridge,
               MA, USA, June 25-27, 2012},
  pages     = {265--279},
  year      = {2012},
  crossref  = {DBLP:conf/csfw/2012},
  url       = {https://doi.org/10.1109/CSF.2012.26},
  doi       = {10.1109/CSF.2012.26},
  timestamp = {Sat, 16 Sep 2017 12:08:24 +0200},
  biburl    = {http://dblp.org/rec/bib/conf/csfw/AlvimCPS12},
  bibsource = {dblp computer science bibliography, http://dblp.org}
}
@proceedings{DBLP:conf/csfw/2012,
  editor    = {Stephen Chong},
  title     = {25th {IEEE} Computer Security Foundations Symposium, {CSF} 2012, Cambridge,
               MA, USA, June 25-27, 2012},
  publisher = {{IEEE} Computer Society},
  year      = {2012},
  url       = {http://ieeexplore.ieee.org/xpl/mostRecentIssue.jsp?punumber=6265867},
  isbn      = {978-1-4673-1918-8},
  timestamp = {Fri, 13 May 2016 11:46:54 +0200},
  biburl    = {http://dblp.org/rec/bib/conf/csfw/2012},
  bibsource = {dblp computer science bibliography, http://dblp.org}
}
@inproceedings{DBLP:conf/csfw/SmithS17,
  author    = {David M. Smith and
               Geoffrey Smith},
  title     = {Tight Bounds on Information Leakage from Repeated Independent Runs},
  booktitle = {30th {IEEE} Computer Security Foundations Symposium, {CSF} 2017, Santa
               Barbara, CA, USA, August 21-25, 2017},
  pages     = {318--327},
  year      = {2017},
  crossref  = {DBLP:conf/csfw/2017},
  url       = {https://doi.org/10.1109/CSF.2017.18},
  doi       = {10.1109/CSF.2017.18},
  timestamp = {Mon, 16 Oct 2017 15:00:34 +0200},
  biburl    = {http://dblp.org/rec/bib/conf/csfw/SmithS17},
  bibsource = {dblp computer science bibliography, http://dblp.org}
}
@proceedings{DBLP:conf/csfw/2017,
  title     = {30th {IEEE} Computer Security Foundations Symposium, {CSF} 2017, Santa
               Barbara, CA, USA, August 21-25, 2017},
  publisher = {{IEEE} Computer Society},
  year      = {2017},
  url       = {http://ieeexplore.ieee.org/xpl/mostRecentIssue.jsp?punumber=8048777},
  isbn      = {978-1-5386-3217-8},
  timestamp = {Mon, 16 Oct 2017 15:00:33 +0200},
  biburl    = {http://dblp.org/rec/bib/conf/csfw/2017},
  bibsource = {dblp computer science bibliography, http://dblp.org}
}

@inproceedings{bernhard2012measuring,
  title={Measuring vote privacy, revisited},
  author={Bernhard, David and Cortier, V{\'e}ronique and Pereira, Olivier and Warinschi, Bogdan},
  booktitle={Proceedings of the 2012 ACM conference on Computer and communications security},
  pages={941--952},
  year={2012},
  organization={ACM}
}
@article{boldyreva2012secure,
  title={Secure proxy signature schemes for delegation of signing rights},
  author={Boldyreva, Alexandra and Palacio, Adriana and Warinschi, Bogdan},
  journal={Journal of Cryptology},
  volume={25},
  number={1},
  pages={57--115},
  year={2012},
  publisher={Springer}
}
@article{boldyreva2007closer,
  title={A closer look at PKI: Security and efficiency},
  author={Boldyreva, Alexandra and Fischlin, Marc and Palacio, Adriana and Warinschi, Bogdan},
  journal={Public Key Cryptography--PKC 2007},
  pages={458--475},
  year={2007},
  publisher={Springer}
}

@inproceedings{boldyreva2009foundations,
  title={Foundations of Non-malleable Hash and One-Way Functions.},
  author={Boldyreva, Alexandra and Cash, David and Fischlin, Marc and Warinschi, Bogdan},
  booktitle={ASIACRYPT},
  volume={5912},
  pages={524--541},
  organization={Springer}
}

@inproceedings{lipton2016provably,
  title={Provably secure virus detection: Using the observer effect against malware},
  author={Lipton, Richard J and Ostrovsky, Rafail and Zikas, Vassilis},
  booktitle={LIPIcs-Leibniz International Proceedings in Informatics},
  volume={55},
  year={2016},
  organization={Schloss Dagstuhl-Leibniz-Zentrum fuer Informatik}
}
